<?xml version="1.0" encoding="UTF-8"?><collection xmlns="http://www.loc.gov/MARC21/slim"><record><leader>00304nam--2200121-i-4500</leader><controlfield tag="001">000001215</controlfield><controlfield tag="002">20161230</controlfield><controlfield tag="005">20161230201024</controlfield><controlfield tag="008">060222s1000------------r-----000-0-eng-d</controlfield><datafield ind1=" " ind2=" " tag="245"><subfield code="a">Space trajectories.a symposium</subfield></datafield><datafield ind1=" " ind2=" " tag="260"><subfield code="a">New York, Academic Press, 1960. X + 298 P</subfield></datafield><datafield ind1=" " ind2=" " tag="700"><subfield code="a">Helvey, T.C</subfield></datafield><datafield ind1=" " ind2=" " tag="852"><subfield code="a">19233</subfield></datafield></record></collection>